<record><leader>00000cas a2200000 a 4500</leader><controlfield tag="001">14767355</controlfield><controlfield tag="008">861119d18621862nyudn ne      0    0eng c</controlfield><datafield ind1=" " ind2=" " tag="010"><subfield code="a">sn 87080534 </subfield></datafield><datafield ind1=" " ind2=" " tag="040"><subfield code="a">NPH</subfield><subfield code="b">eng</subfield><subfield code="c">NPH</subfield><subfield code="d">NSD</subfield><subfield code="d">NVF</subfield><subfield code="d">DLC</subfield><subfield code="d">NVF</subfield><subfield code="d">OCLCQ</subfield></datafield><datafield ind1=" " ind2=" " tag="042"><subfield code="a">pcc</subfield></datafield><datafield ind1="0" ind2="0" tag="245"><subfield code="a">Evening edition.</subfield></datafield><datafield ind1=" " ind2=" " tag="260"><subfield code="a">New-York [N.Y.] :</subfield><subfield code="b">Tribune Association,</subfield><subfield code="c">1862-</subfield></datafield><datafield ind1=" " ind2=" " tag="300"><subfield code="a">v. ;</subfield><subfield code="c">28 cm.</subfield></datafield><datafield ind1=" " ind2=" " tag="310"><subfield code="a">Daily (except Sun.)</subfield></datafield><datafield ind1="0" ind2=" " tag="362"><subfield code="a">Vol. 22, no. 6561 (Apr. 15, 1862)-</subfield></datafield><datafield ind1="1" ind2=" " tag="362"><subfield code="a">Ceased with Apr. 16, 1862 issue?</subfield></datafield><datafield ind1=" " ind2=" " tag="752"><subfield code="a">United States</subfield><subfield code="b">New York</subfield><subfield code="c">New York</subfield><subfield code="d">New York.</subfield></datafield><datafield ind1="0" ind2=" " tag="775"><subfield code="t">New-York daily tribune</subfield><subfield code="w">(DLC)sn 83030213</subfield></datafield><datafield ind1="0" ind2=" " tag="775"><subfield code="t">New-York weekly tribune</subfield><subfield code="x">1052-7389</subfield><subfield code="w">(DLC)sn 83030280</subfield></datafield><datafield ind1="0" ind2=" " tag="775"><subfield code="t">New-York semi-weekly tribune (New York, N.Y. : 1853)</subfield><subfield code="w">(DLC)sn 85025982</subfield></datafield><datafield ind1="0" ind2="0" tag="780"><subfield code="t">Tribune's evening edition</subfield><subfield code="w">(DLC)sn 87080535</subfield></datafield><datafield ind1="0" ind2="0" tag="785"><subfield code="t">Evening edition of the tribune</subfield><subfield code="w">(DLC)sn 83030352</subfield></datafield></record>